

@ARTICLE{CZQX21,
  author =       {Yannan Chen and Xinzhen Zhang and Liqun Qi and Yanwei Xu},
  title =        {A {B}arzilai--{B}orwein Gradient Algorithm for Spatio-Temporal Internet Traffic Data Completion via Tensor Triple Decomposition},
  journal =      {Journal of Scientific Computing},
  year =         {2021},
  volume =       {88},
  number =       {3},
  pages =        {65 (article number)},
}

@BOOK{HJ91-book,
  author =       {Roger A. Horn and Charles R. Johnson},
  title =        {Topics in Matrix Analysis},
  publisher =    {Cambridge University Press},
  year =         {1991},
  address =      {New York},
}

@ARTICLE{KB09,
  author =       {Tamara G. Kolda and Brett W. Bader},
  title =        {Tensor Decompositions and Applications},
  journal =      {SIAM Review},
  year =         {2009},
  volume =       {51},
  number =       {3},
  pages =        {455--500},
}

@ARTICLE{SDF17,
  author =       {Nicholas D. Sidiropoulos and Lieven De Lathauwer and Xiao Fu and Kejun Huang and Evangelos E. Papalexakis and Christos Faloutsos},
  title =        {Tensor Decomposition for Signal Processing and Machine Learning},
  journal =      {IEEE Transactions on Signal Processing},
  year =         {2017},
  volume =       {65},
  number =       {13},
  pages =        {3551--3582},
}
